@online{scala-mcp,
  author = {結城 清太郎},
  title = {Scalaにおける最適なDependency Injectionの方法を考察する 〜なぜドワンゴアカウントシステムの生産性は高いのか〜},
  year = 2015,
  url = {http://qiita.com/pab_tech/items/1c0bdbc8a61949891f1f},
  urldate = {2016-09-16}
}

@online{di-swift2,
  author = {ゴミ人間},
  title = {Dependency Injection in Swift 2.x},
  year = 2016,
  url = {http://niconare.nicovideo.jp/watch/kn1091},
  urldate = {2016-09-16}
}

@online{mcp-qitta,
  author = {吉村 優},
  title = {SwiftでもMinimal Cake Pattern},
  year = 2016,
  url = {http://qiita.com/yyu/items/193cb9fd782d226f50fc},
  urldate = {2016-09-16}
}
